<record><leader>00000cas a22000007i 4500</leader><controlfield tag="001">192107505</controlfield><controlfield tag="006">m     o  d        </controlfield><controlfield tag="007">cr |n||||||||n</controlfield><controlfield tag="008">080109d18761904inudn neo     0   a0eng d</controlfield><datafield ind1=" " ind2=" " tag="010"><subfield code="a">  2017218617</subfield></datafield><datafield ind1=" " ind2=" " tag="040"><subfield code="a">GNINE</subfield><subfield code="b">eng</subfield><subfield code="c">GNINE</subfield><subfield code="d">OCLCQ</subfield><subfield code="d">VOD</subfield><subfield code="d">CUI</subfield><subfield code="d">OCLCF</subfield><subfield code="d">OCLCQ</subfield><subfield code="d">DLC</subfield></datafield><datafield ind1="0" ind2=" " tag="022"><subfield code="a">2572-8946</subfield><subfield code="2">1</subfield></datafield><datafield ind1=" " ind2=" " tag="042"><subfield code="a">msc</subfield><subfield code="a">nsdp</subfield></datafield><datafield ind1=" " ind2=" " tag="043"><subfield code="a">n-us-in</subfield></datafield><datafield ind1="1" ind2="0" tag="050"><subfield code="a">ISSN RECORD</subfield></datafield><datafield ind1="1" ind2="4" tag="050"><subfield code="a">AN1</subfield><subfield code="b">.A15</subfield></datafield><datafield ind1="1" ind2="0" tag="082"><subfield code="a">071</subfield><subfield code="2">23</subfield></datafield><datafield ind1="0" ind2=" " tag="130"><subfield code="a">Richmond daily palladium (Richmond, Ind. : 1876 : Online)</subfield></datafield><datafield ind1=" " ind2="0" tag="222"><subfield code="a">Richmond daily palladium</subfield><subfield code="b">(Richmond, Ind. 1876. Online)</subfield></datafield><datafield ind1="1" ind2="0" tag="245"><subfield code="a">Richmond daily palladium.</subfield></datafield><datafield ind1=" " ind2="1" tag="264"><subfield code="a">Richmond, Ind. :</subfield><subfield code="b">Jenkinson, Cullaton &amp; Reeves,</subfield><subfield code="c">-1904.</subfield></datafield><datafield ind1=" " ind2=" " tag="300"><subfield code="a">1 online resource</subfield></datafield><datafield ind1=" " ind2=" " tag="310"><subfield code="a">Daily (except Sunday)</subfield></datafield><datafield ind1=" " ind2=" " tag="336"><subfield code="a">text</subfield><subfield code="b">txt</subfield><subfield code="2">rdacontent</subfield></datafield><datafield ind1=" " ind2=" " tag="337"><subfield code="a">computer</subfield><subfield code="b">c</subfield><subfield code="2">rdamedia</subfield></datafield><datafield ind1=" " ind2=" " tag="338"><subfield code="a">online resource</subfield><subfield code="b">cr</subfield><subfield code="2">rdacarrier</subfield></datafield><datafield ind1="1" ind2=" " tag="362"><subfield code="a">Began January 3, 1876; ceased January 29, 1904.</subfield></datafield><datafield ind1=" " ind2=" " tag="500"><subfield code="a">Reproduction of original from Wisconsin Historical Society.</subfield></datafield><datafield ind1=" " ind2=" " tag="588"><subfield code="a">Description based on: December 21, 1877; title from masthead (Chroniclingamerica.loc.gov, viewed April 26, 2017).</subfield></datafield><datafield ind1=" " ind2=" " tag="588"><subfield code="a">Latest issue consulted: January 29, 1904 (Chroniclingamerica.loc.gov, viewed April 26, 2017).</subfield></datafield><datafield ind1=" " ind2="0" tag="651"><subfield code="a">Richmond (Ind.)</subfield><subfield code="v">Newspapers.</subfield></datafield><datafield ind1=" " ind2="0" tag="651"><subfield code="a">Wayne County (Ind.)</subfield><subfield code="v">Newspapers.</subfield></datafield><datafield ind1=" " ind2="7" tag="651"><subfield code="a">Indiana</subfield><subfield code="z">Richmond.</subfield><subfield code="2">fast</subfield><subfield code="0">(OCoLC)fst01205951</subfield></datafield><datafield ind1=" " ind2="7" tag="651"><subfield code="a">Indiana</subfield><subfield code="z">Wayne County.</subfield><subfield code="2">fast</subfield><subfield code="0">(OCoLC)fst01218729</subfield></datafield><datafield ind1=" " ind2="7" tag="655"><subfield code="a">Newspapers.</subfield><subfield code="2">fast</subfield><subfield code="0">(OCoLC)fst01423814</subfield></datafield><datafield ind1=" " ind2=" " tag="752"><subfield code="a">United States</subfield><subfield code="b">Indiana</subfield><subfield code="c">Wayne</subfield><subfield code="d">Richmond.</subfield></datafield><datafield ind1="0" ind2=" " tag="775"><subfield code="t">Richmond weekly palladium</subfield></datafield><datafield ind1="0" ind2="8" tag="776"><subfield code="i">Originally issued in print:</subfield><subfield code="t">Richmond daily palladium (Richmond, Ind. : 1876)</subfield><subfield code="x">2572-8938</subfield><subfield code="w">(DLC)sn 84038016</subfield><subfield code="w">(OCoLC)11176587</subfield></datafield><datafield ind1="0" ind2="0" tag="785"><subfield code="t">Daily palladium (Richmond, Ind.)</subfield><subfield code="x">2575-100X</subfield><subfield code="w">(DLC)  2017218857</subfield><subfield code="w">(OCoLC)1004392963</subfield></datafield><datafield ind1="4" ind2=" " tag="856"><subfield code="u">http://gale.cengage.com/usnewspapers/</subfield><subfield code="z">Available to subscribing institutions</subfield></datafield><datafield ind1="4" ind2="0" tag="856"><subfield code="u">http://www.loc.gov/chroniclingamerica/lccn/sn84038016/issues</subfield></datafield><datafield ind1="1" ind2=" " tag="029"><subfield code="a">AU@</subfield><subfield code="b">000043750086</subfield></datafield></record>